# images
@online{747-image,
    author = {Kambui},
    title = {Pan American World Airways - Pan Am Boeing 747-121(A/SF) N747PA 'Clipper Juan T. Trippe'},
    year = {2020},
    url = {https://www.flickr.com/photos/kambui/21493349240/},
}

@mastersthesis{mscthesis:uav,
    author = {Mazza, Cesare},
    school = {Politecnico di Torino},
    title = {Analisi delle caratteristiche aero-meccaniche di un aeromobile a pilotaggio remoto},
    year = {2022},
    url = {https://webthesis.biblio.polito.it/25151/1/tesi.pdf},
}

@misc{wiki:FRD,
    author = {Wikipedia},
    title = {Aircraft principal axes --- Wikipedia, The Free Encyclopedia},
    year = {2025},
    url = {http://en.wikipedia.org/w/index.php?title=Aircraft\%20principal\%20axes&oldid=1268147601},
}

@misc{wiki:eulerangles,
    author = {Wikipedia},
    title = {Euler angles --- Wikipedia, The Free Encyclopedia},
    year = {2025},
    url = {http://en.wikipedia.org/w/index.php?title=Euler\%20angles&oldid=1265587467},
}

@mastersthesis{mscthesis:jetfighter,
    author = {Cotterle, Davide},
    title = {Modellizzazione e Controllo di un Jet-Fighter in Fase di Rifornimento in Volo},
    school = {Universit√† degli Studi di Padova},
    year = {2014},
    url = {https://thesis.unipd.it/retrieve/7128779e-4d6f-4301-becf-063e765d7494/Tesi.pdf}
}

@book{cook1997flight,
  title={Flight Dynamics Principles M.V. Cook},
  author={Cook, M.V.},
  url={https://books.google.it/books?id=gUESyAEACAAJ},
  year={1997},
  publisher={Arnold}
}

# libri controlli
@book{franklin_feedback_control,
    author = {Franklin, Gene and Powell, J.D. and Emami-Naeini, Abbas},
    publisher = {Pearson},
    title = {Feedback Control of Dynamic Systems},
    year = {2018}
}

@book{zampieri_dispensa_controlli,
    author = {Sandro Zampieri},
    publisher = {Progetto},
    title = {Dispensa di Controlli Automatici},
    year = {2011}
}

# libri fisica
@book{zotto_fisica1,
    title = {Problemi di Fisica Generale. Meccanica, Termodinamica},
    publisher = {Esculapio},
    author = {Zotto, Pierluigi AND Lo Russo, Sergio AND Sartori, Paolo},
    year = {2022}
}

# libri flight dynamics
@misc{smith_aircraft_flight_mechanics, 
    title = {Aircraft Flight Mechanics}, 
    url = {https://aircraftflightmechanics.com/},
    author = {Smith, Harry},
    year = {2023}
}

@book{bryson_control_spacecraft_aircraft,
    author = {A.E. Bryson},
    publisher = {Princeton University Press},
    title = {Control of Spacecraft and Aircraft},
    year = {1994}
}

@book{bryan_stability_aviation,
    author = {G. H. Bryan},
    title = {Stability in Aviation},
    year = {1911},
    publisher = {Macmillan}
}

# dati 747
@article{sanches_dynamic_stability_747,
    author = {Sanches, Leonardo},
    year = {2007},
    month = {06},
    pages = {},
    title = {Study and Simulation of Dynamic Longitudinal Stability of a Passenger Aircraft - Boeing 747-100 - on Adverse Atmosphere Conditions}
}

@techreport{heffley_handling_qualities,
    author = {Heffley, Robert and W. Jewell},
    title = {Aircraft Handling Qualities},
    institution = {NASA Contractor Reports},
    year = {1973}
}

@misc{mathworks_yaw_damper,
  author       = {{MathWorks}},
  title        = {Yaw Damper Design for a 747 Jet Aircraft},
  url          = {https://it.mathworks.com/help/control/ug/yaw-damper-design-for-a-747-jet-aircraft.html},
}